<record><leader>00000cas a22000007a 4500</leader><controlfield tag="001">37565861</controlfield><controlfield tag="008">970903d19861988okuwr n       0    0eng d</controlfield><datafield ind1=" " ind2=" " tag="010"><subfield code="a">sn 97070216 </subfield></datafield><datafield ind1=" " ind2=" " tag="040"><subfield code="a">OBN</subfield><subfield code="b">eng</subfield><subfield code="c">OBN</subfield><subfield code="d">OCLCQ</subfield><subfield code="d">OCLCO</subfield></datafield><datafield ind1="1" ind2=" " tag="029"><subfield code="a">AU@</subfield><subfield code="b">000013497306</subfield></datafield><datafield ind1=" " ind2=" " tag="042"><subfield code="a">msc</subfield></datafield><datafield ind1=" " ind2=" " tag="043"><subfield code="a">n-us-ok</subfield></datafield><datafield ind1="0" ind2="4" tag="245"><subfield code="a">The Hydro review - North Caddo news.</subfield></datafield><datafield ind1=" " ind2=" " tag="260"><subfield code="a">Hydro, Okla. :</subfield><subfield code="b">Richard and Susan Hume</subfield></datafield><datafield ind1=" " ind2=" " tag="300"><subfield code="a">v.</subfield></datafield><datafield ind1=" " ind2=" " tag="310"><subfield code="a">Weekly</subfield></datafield><datafield ind1="0" ind2=" " tag="362"><subfield code="a">Vol. 85, no. 30 (Apr. 3, 1986)-v. 87, no. 30 (July 28, 1988).</subfield></datafield><datafield ind1=" " ind2="0" tag="651"><subfield code="a">Hydro (Okla.)</subfield><subfield code="v">Newspapers.</subfield></datafield><datafield ind1=" " ind2="0" tag="651"><subfield code="a">Caddo County (Okla.)</subfield><subfield code="v">Newspapers.</subfield></datafield><datafield ind1=" " ind2=" " tag="752"><subfield code="a">United States</subfield><subfield code="b">Oklahoma</subfield><subfield code="c">Caddo</subfield><subfield code="d">Hydro.</subfield></datafield><datafield ind1="0" ind2="4" tag="780"><subfield code="t">Hydro review (Hydro, Okla. : 1901)</subfield><subfield code="w">(DLC)sn 97070082</subfield><subfield code="w">(OCoLC)37323827</subfield></datafield><datafield ind1="0" ind2="4" tag="780"><subfield code="t">North Caddo County news</subfield><subfield code="w">(DLC)sn 84001754</subfield><subfield code="w">(OCoLC)11349180</subfield></datafield><datafield ind1="0" ind2="0" tag="785"><subfield code="t">Hydro review (Hydro, Okla. : 1988)</subfield><subfield code="w">(DLC)sn 97070217</subfield><subfield code="w">(OCoLC)37565887</subfield></datafield></record>